@misc {
    endLine,
    title = {By Hrazdera Alexander, Sch√∂ffl Paul}
}